2784 4890
323 253 688 323 COMMENTARIUS
710 254 798 322 VIII
1004 253 1067 319 401

62 415 139 480 IIII
165 415 199 479 in
227 414 342 502 Belgio
357 415 517 498 conlocat,
532 416 570 484 O.
587 416 728 483 Fabium
759 439 833 484 cum
864 415 1003 483 totidem
1033 416 1069 480 in

63 515 221 581 Haeduos
244 514 386 582 deducit.
433 516 489 582 Sic
511 516 600 582 enim
627 516 842 583 existimabat
866 515 1097 583 tutissimamt

61 621 133 686 fore
163 620 316 697 Galliam,
337 621 365 686 si
396 621 526 709 Belgae.
550 644 690 709 quorum
722 621 869 688 maxima
895 621 1012 698 virtus,
1035 625 1069 686 et

62 724 205 804 Haedui,
227 748 367 811 quorum
393 726 575 792 auctoritas
602 749 731 792 sununs
754 732 848 804 esset,
869 725 1069 792 exercitibus

32 851 48 900 6
61 831 321 896 continerentur.
367 830 445 917 Ipse
461 830 496 895 in
512 830 645 896 Italiam
662 831 830 918 profectus
845 837 904 897 est.

107 936 270 1016 Quocum
289 935 442 1013 venisset,
458 937 625 1024 cognoscit
645 959 705 1024 per
720 936 757 1004 C.
776 936 970 1003 Marcellum
991 958 1067 1002 con·
1083 950 1193 1010 sarno
1206 951 1260 1001 two

61 1041 167 1106 sulem
194 1041 339 1128 legiones
369 1041 452 1106 duas
477 1041 520 1106 ab
546 1064 580 1108 se
607 1042 733 1124 missas,
756 1064 840 1128 quae
865 1063 906 1107 ex
933 1046 1069 1107 senatus
1139 1016 1268 1133 {soffia

61 1145 213 1212 consulto
228 1145 386 1211 deberent
401 1144 444 1210 ad
463 1146 655 1213 Parthicum
672 1146 795 1212 belluni
813 1145 899 1226 duci,
913 1145 1068 1232 Pompeio
1140 1149 1264 1214 in1taly.

62 1249 205 1314 traditas
234 1254 334 1335 atque
364 1249 400 1313 in
430 1249 532 1316 Italia
568 1255 716 1316 retentas
748 1272 828 1316 esse.
874 1248 948 1315 Hoc
979 1250 1095 1316 facua

13 1375 48 1423 10
62 1375 263 1439 quamquam
290 1354 373 1419 nulli
400 1359 474 1420 erat
499 1354 638 1420 dubium
662 1355 820 1442 quidnam
845 1358 962 1421 contra
986 1352 1068 1420 Cae-

60 1481 169 1523 sarem
195 1463 381 1545 pararetur‚
400 1464 513 1525 tamen
535 1458 659 1526 Caesar
682 1458 793 1525 omnia
814 1458 972 1545 patienda
998 1480 1068 1525 esse

61 1563 192 1639 statuit,
204 1563 312 1649 quoad
328 1563 391 1629 sibi
403 1585 478 1650 spes
490 1564 603 1650 aliqua
614 1563 858 1650 relinqueretur
868 1563 941 1628 iure
956 1563 1068 1650 potius

61 1667 271 1754 disceptandi
287 1688 386 1753 quam
402 1666 630 1754 belligerandi.
675 1666 857 1733 Contendit
875 1718 882 1734 .
900 1715 907 1732 .
927 1715 934 1731 .

98 1827 149 1889 55,
162 1822 177 1896 ξ
192 1824 215 1879 l.
238 1826 265 1880 C.
279 1822 535 1893 Mamurrae-the
549 1823 703 1881 Marcellus
716 1823 883 1881 mentioned
896 1821 927 1879 in
940 1824 984 1890 48,
999 1821 1014 1896 ξ
1026 1824 1068 1879 10.
